<?xml version="1.0" encoding="UTF-8"?>
  <record xmlns="http://www.loc.gov/MARC21/slim" type="Authority">
    <leader>00000nz  a2200000nc 4500</leader>
    <controlfield tag="001">115864954</controlfield>
    <controlfield tag="003">DE-101</controlfield>
    <controlfield tag="005">20160518192001.0</controlfield>
    <controlfield tag="008">971117n||aznnnaabn           | aaa    |c</controlfield>
    <datafield tag="024" ind1="7" ind2=" ">
      <subfield code="a">115864954</subfield>
      <subfield code="0">http://d-nb.info/gnd/115864954</subfield>
      <subfield code="2">gnd</subfield>
    </datafield>
    <datafield tag="035" ind1=" " ind2=" ">
      <subfield code="a">(DE-101)115864954</subfield>
    </datafield>
    <datafield tag="035" ind1=" " ind2=" ">
      <subfield code="a">(DE-588)115864954</subfield>
    </datafield>
    <datafield tag="035" ind1=" " ind2=" ">
      <subfield code="z">(DE-588a)115864954</subfield>
      <subfield code="9">v:zg</subfield>
    </datafield>
    <datafield tag="040" ind1=" " ind2=" ">
      <subfield code="a">DE-12</subfield>
      <subfield code="c">DE-12</subfield>
      <subfield code="9">r:DE-12</subfield>
      <subfield code="b">ger</subfield>
      <subfield code="d">0012</subfield>
    </datafield>
    <datafield tag="042" ind1=" " ind2=" ">
      <subfield code="a">gnd1</subfield>
    </datafield>
    <datafield tag="075" ind1=" " ind2=" ">
      <subfield code="b">p</subfield>
      <subfield code="2">gndgen</subfield>
    </datafield>
    <datafield tag="075" ind1=" " ind2=" ">
      <subfield code="b">piz</subfield>
      <subfield code="2">gndspec</subfield>
    </datafield>
    <datafield tag="079" ind1=" " ind2=" ">
      <subfield code="a">g</subfield>
      <subfield code="q">a</subfield>
      <subfield code="q">f</subfield>
      <subfield code="u">v</subfield>
    </datafield>
    <datafield tag="100" ind1="1" ind2=" ">
      <subfield code="a">Ximenez, Pedro</subfield>
      <subfield code="d">1554-1633</subfield>
    </datafield>
    <datafield tag="400" ind1="1" ind2=" ">
      <subfield code="a">Ximenes, Petro</subfield>
      <subfield code="d">1554-1633</subfield>
    </datafield>
    <datafield tag="400" ind1="1" ind2=" ">
      <subfield code="a">Ximenius, Petrus</subfield>
      <subfield code="d">1554-1633</subfield>
    </datafield>
    <datafield tag="400" ind1="1" ind2=" ">
      <subfield code="a">Ximénez, Pedro</subfield>
      <subfield code="d">1554-1633</subfield>
      <subfield code="9">v:(VD-16)</subfield>
    </datafield>
    <datafield tag="500" ind1="1" ind2=" ">
      <subfield code="0">(DE-101)128373717</subfield>
      <subfield code="0">(DE-588)128373717</subfield>
      <subfield code="0">https://d-nb.info/gnd/128373717</subfield>
      <subfield code="a">Fischer, Balthasar</subfield>
      <subfield code="4">beza</subfield>
      <subfield code="4">https://d-nb.info/standards/elementset/gnd#acquaintanceshipOrFriendship</subfield>
      <subfield code="w">r</subfield>
      <subfield code="i">Bekanntschaft</subfield>
      <subfield code="e">Bekanntschaft</subfield>
      <subfield code="9">v:VD-16 Mitverf.</subfield>
    </datafield>
    <datafield tag="500" ind1="1" ind2=" ">
      <subfield code="0">(DE-101)120835673</subfield>
      <subfield code="0">(DE-588)120835673</subfield>
      <subfield code="0">https://d-nb.info/gnd/120835673</subfield>
      <subfield code="a">Funes, Martín &#152;de&#156;</subfield>
      <subfield code="d">1560-1611</subfield>
      <subfield code="4">beza</subfield>
      <subfield code="4">https://d-nb.info/standards/elementset/gnd#acquaintanceshipOrFriendship</subfield>
      <subfield code="w">r</subfield>
      <subfield code="i">Bekanntschaft</subfield>
      <subfield code="e">Bekanntschaft</subfield>
      <subfield code="9">v:VD-16 Mitverf.</subfield>
    </datafield>
    <datafield tag="500" ind1="1" ind2=" ">
      <subfield code="0">(DE-101)129891738</subfield>
      <subfield code="0">(DE-588)129891738</subfield>
      <subfield code="0">https://d-nb.info/gnd/129891738</subfield>
      <subfield code="a">Petrus, Suffridus</subfield>
      <subfield code="d">1527-1597</subfield>
      <subfield code="4">beza</subfield>
      <subfield code="4">https://d-nb.info/standards/elementset/gnd#acquaintanceshipOrFriendship</subfield>
      <subfield code="w">r</subfield>
      <subfield code="i">Bekanntschaft</subfield>
      <subfield code="e">Bekanntschaft</subfield>
      <subfield code="9">v:VD-16 Mitverf.</subfield>
    </datafield>
    <datafield tag="500" ind1="1" ind2=" ">
      <subfield code="0">(DE-101)118083406</subfield>
      <subfield code="0">(DE-588)118083406</subfield>
      <subfield code="0">https://d-nb.info/gnd/118083406</subfield>
      <subfield code="a">Rhadon, Johannes</subfield>
      <subfield code="d">um 1594</subfield>
      <subfield code="4">beza</subfield>
      <subfield code="4">https://d-nb.info/standards/elementset/gnd#acquaintanceshipOrFriendship</subfield>
      <subfield code="w">r</subfield>
      <subfield code="i">Bekanntschaft</subfield>
      <subfield code="e">Bekanntschaft</subfield>
      <subfield code="9">v:VD-16 Mitverf.</subfield>
    </datafield>
    <datafield tag="500" ind1="1" ind2=" ">
      <subfield code="0">(DE-101)118083430</subfield>
      <subfield code="0">(DE-588)118083430</subfield>
      <subfield code="0">https://d-nb.info/gnd/118083430</subfield>
      <subfield code="a">Sturtzenstainer, Andreas</subfield>
      <subfield code="4">beza</subfield>
      <subfield code="4">https://d-nb.info/standards/elementset/gnd#acquaintanceshipOrFriendship</subfield>
      <subfield code="w">r</subfield>
      <subfield code="i">Bekanntschaft</subfield>
      <subfield code="e">Bekanntschaft</subfield>
      <subfield code="9">v:VD-16 Mitverf.</subfield>
    </datafield>
    <datafield tag="500" ind1="1" ind2=" ">
      <subfield code="0">(DE-101)116944471</subfield>
      <subfield code="0">(DE-588)116944471</subfield>
      <subfield code="0">https://d-nb.info/gnd/116944471</subfield>
      <subfield code="a">Matal, Jean</subfield>
      <subfield code="d">1517-1597</subfield>
      <subfield code="4">beza</subfield>
      <subfield code="4">https://d-nb.info/standards/elementset/gnd#acquaintanceshipOrFriendship</subfield>
      <subfield code="w">r</subfield>
      <subfield code="i">Bekanntschaft</subfield>
      <subfield code="e">Bekanntschaft</subfield>
      <subfield code="9">v:VD-16 Mitverf.</subfield>
    </datafield>
    <datafield tag="500" ind1="1" ind2=" ">
      <subfield code="0">(DE-101)119791560</subfield>
      <subfield code="0">(DE-588)119791560</subfield>
      <subfield code="0">https://d-nb.info/gnd/119791560</subfield>
      <subfield code="a">Polit, Jean</subfield>
      <subfield code="d">1554-1601</subfield>
      <subfield code="4">beza</subfield>
      <subfield code="4">https://d-nb.info/standards/elementset/gnd#acquaintanceshipOrFriendship</subfield>
      <subfield code="w">r</subfield>
      <subfield code="i">Bekanntschaft</subfield>
      <subfield code="e">Bekanntschaft</subfield>
      <subfield code="9">v:VD-16 Mitverf.</subfield>
    </datafield>
    <datafield tag="500" ind1="1" ind2=" ">
      <subfield code="0">(DE-101)120539438</subfield>
      <subfield code="0">(DE-588)120539438</subfield>
      <subfield code="0">https://d-nb.info/gnd/120539438</subfield>
      <subfield code="a">Toelmann, Simon</subfield>
      <subfield code="d">1563-1630</subfield>
      <subfield code="4">beza</subfield>
      <subfield code="4">https://d-nb.info/standards/elementset/gnd#acquaintanceshipOrFriendship</subfield>
      <subfield code="w">r</subfield>
      <subfield code="i">Bekanntschaft</subfield>
      <subfield code="e">Bekanntschaft</subfield>
      <subfield code="9">v:VD-16 Mitverf.</subfield>
    </datafield>
    <datafield tag="500" ind1="1" ind2=" ">
      <subfield code="0">(DE-101)121650723</subfield>
      <subfield code="0">(DE-588)121650723</subfield>
      <subfield code="0">https://d-nb.info/gnd/121650723</subfield>
      <subfield code="a">Utenhove, Karl &#152;von&#156;</subfield>
      <subfield code="d">1536-1600</subfield>
      <subfield code="4">beza</subfield>
      <subfield code="4">https://d-nb.info/standards/elementset/gnd#acquaintanceshipOrFriendship</subfield>
      <subfield code="w">r</subfield>
      <subfield code="i">Bekanntschaft</subfield>
      <subfield code="e">Bekanntschaft</subfield>
      <subfield code="9">v:VD-16 Mitverf.</subfield>
    </datafield>
    <datafield tag="548" ind1=" " ind2=" ">
      <subfield code="a">1554-1633</subfield>
      <subfield code="4">datl</subfield>
      <subfield code="4">https://d-nb.info/standards/elementset/gnd#dateOfBirthAndDeath</subfield>
      <subfield code="w">r</subfield>
      <subfield code="i">Lebensdaten</subfield>
    </datafield>
    <datafield tag="667" ind1=" " ind2=" ">
      <subfield code="a">384</subfield>
    </datafield>
    <datafield tag="667" ind1=" " ind2=" ">
      <subfield code="a">19</subfield>
    </datafield>
    <datafield tag="667" ind1=" " ind2=" ">
      <subfield code="a">VD-16</subfield>
    </datafield>
    <datafield tag="667" ind1=" " ind2=" ">
      <subfield code="a">VD-17</subfield>
    </datafield>
    <datafield tag="672" ind1=" " ind2="0">
      <subfield code="a">Ius Haereditarium et legitima Successio in Regno Bohemiae Ferdinandi II. Austriaci, Nunc *. - 1620</subfield>
    </datafield>
    <datafield tag="672" ind1=" " ind2="0">
      <subfield code="a">Ius Haereditarium. - 1621</subfield>
    </datafield>
    <datafield tag="672" ind1=" " ind2="0">
      <subfield code="a">Funes, Martín de: Disputatio de fide iustificante.  1592.  (VD16 ZV 19138)</subfield>
    </datafield>
    <datafield tag="672" ind1=" " ind2="0">
      <subfield code="a">Funes, Martín de: DISPVTATIO DE FIDE IVSTIFICANTE, HABITA IN ALMA ACAdemia Graecensi die II. Iunij Anni ...  1592.  (VD16 F 3415)</subfield>
    </datafield>
    <datafield tag="672" ind1=" " ind2="0">
      <subfield code="a">Ximénez, Pedro: Positiones Theologicae DE ANTICHRISTO. QVAS ADVERSVS IMPIAM NOVANTIVM DOCTRINAM PRO ...  1594.  (VD16 X 80)</subfield>
    </datafield>
    <datafield tag="672" ind1=" " ind2="0">
      <subfield code="a">Ximénez, Pedro: POSITIONES THEOLOGICAE DE VNO SVMMOQVE gubernatore Mundi DEO. QVAS PRO ACTV PRIMO EX IIS ...  1593.  (VD16 X 81)</subfield>
    </datafield>
    <datafield tag="672" ind1=" " ind2="0">
      <subfield code="a">Petri, Suffridus: DE FRISIORVM ANTIQVITATE ET ORIGINE LIBRI TRES: ... Auctore SVFFRIDO PETRO ...  1590.  (VD16 ZV 12350)</subfield>
    </datafield>
    <datafield tag="672" ind1=" " ind2="0">
      <subfield code="a">Petri, Suffridus: DE FRISIORVM ANTIQVITATE ET ORIGINE LIBRI TRES: IN QVIBVS NON MODO EIVS gentis ...  1590.  (VD16 P 1779)</subfield>
    </datafield>
    <datafield tag="672" ind1=" " ind2="0">
      <subfield code="a">Petri, Suffridus: DE FRISIORVM ANTIQVITATE ET ORIGINE LIBRI TRES: IN QVIBVS NON MODO EIVS gentis ...  1590.  (VD16 P 1780)</subfield>
    </datafield>
    <datafield tag="678" ind1=" " ind2=" ">
      <subfield code="b">SJ</subfield>
    </datafield>
    <datafield tag="913" ind1=" " ind2=" ">
      <subfield code="S">pnd</subfield>
      <subfield code="i">a</subfield>
      <subfield code="a">Ximenez, Pedro</subfield>
      <subfield code="0">(DE-588a)115864954</subfield>
    </datafield>
  </record>
